% Hier kommen Referenzen hinein
% Damit diese auch gefunden werden, muss im Hauptverzeichnis bibtex "datei.aux" ausgeführt werden%BÜCHER
@Book{refActionScript,
	author = {Hauser Tobias and Kappler Armin and Wenz Christian},
	year = 2010,
	title = {Das Praxisbuch ActionScript 3 -- Aktuell zu Adobe Flash CS5},
	note = {Bonn},
	publisher = {Galileo Press}	
}
%LINKS
@misc{MoMo,
title = {Projekt MoMo},
howpublished = {\url{http://projekt.beuth-hochschule.de/momo/}},
note = {Zugriff: 18.11.2014}
}
%STATE OF THE ART
@misc{Travolution,
title = {Verkehrsoptimierung mit Genetischen Algorithmen},
key = {travolution},
howpublished = {\url{http://www.travolution-ingolstadt.de/index.php?id=69}},
note = {Zugriff: 28.11.2014}
}
@misc{ToyotaDev,
key = {Toyota},
title = {Toyota develops GPS system that recognises red traffic lights},
howpublished = {\url{http://en.trend.az/world/other/1904536.html}},
note = {Zugriff: 28.11.2014}
}
@misc{ToyotaTest,
key = {Toyota},
title = {Toyota starts tests of traffic-light warning system},
howpublished = {\url{http://www.traffictechnologytoday.com/news.php?NewsID=48598}},
note = {Zugriff: 28.11.2014}
}
@misc{AudiTravolution,
key = {Audi Travolution},
title = {Audi travolution: vehicle to traffic light communication system reduces fuel consumption},
howpublished = {\url{http://www.gizmag.com/audi-travolution-vehicle-to-traffic-light-communication/15340/}},
note = {Zugriff: 28.11.2014}
}
@misc{AudiTrafficLightSystem,
key = {Audi},
title = {Audi Online traffic light system helps drivers hit the green lights},
author = {David Szondy},
howpublished = {\url{http://www.gizmag.com/audi-connected-traffic-light-system/31159/}},
year = 2014,
note = {Zugriff: 28.11.2014}
}
@misc{EnLighten,
key = {EnLighten},
title = {EnLighten},
howpublished = {\url{http://connectedsignals.com/index.php}},
note = {Zugriff: 28.11.2014}
}
@misc{SignalGuru,
key = {Signal Guru},
title = {Signal Guru: App soll helfen Sprit zu sparen},
author = {Thomas Hartmann},
howpublished = {\url{http://www.macwelt.de/news/Apps-fuer-iPhone-Smartphones-Signal-Guru-App-soll-helfen-Sprit-zu-sparen-6620993.html}},
year = 2012,
note = {Zugriff: 28.11.2014}
}
@article{SignalGuruPaper,
key = {Signal Guru Paper},
title = {SignalGuru: Leveraging Mobile Phones for Collaborative
Traffic Signal Schedule Advisory},
author = {Emmanouil Koukoumidis and Li-Shiuan Peh and Margaret Martonosi},
year = 2011
}
