%%%%
%%%% TECHNISCHE GRUNDLAGEN
%%%%
@misc{android_sdk,
	key			= "androida",
   	title  		= "Android Tools Help",
   	howpublished= {\url{https://developer.android.com/tools/help/index.html}},
   	note   		= {Zugriff: 15.01.2015}}
@misc{android_5,
	key			= "androidb",
   	title  		= "Android Lollipop",
   	howpublished= {\url{http://developer.android.com/about/versions/lollipop.html}},
   	note   		= {Zugriff: 16.01.2015}}
@misc{android_ndk,
	key			= "androidd",
   	title  		= "Android NDK",
   	howpublished= {\url{https://developer.android.com/tools/sdk/ndk/index.html}},
   	note   		= {Zugriff: 15.01.2015}}  	
@book{android,
	key=		"android",
	title 		= "Android on x86: An Introduction to Optimizing for Intel Architecture",
	author		= "Iggy Krajci and Darren Cummings",
	publisher 	= "Apress Media L.L.C.",
    address  	= "New York",
    isbn		= "978-1-4302-6130-8",
    year      	= "2013"}
@misc{android_sensor,
	key			= "androide",
   	title  		= "Sensors Overview",
   	howpublished= {\url{http://developer.android.com/guide/topics/sensors/sensors_overview.html}},
   	note   		= {Zugriff: 17.01.2015}}	 
@misc{android_gps,
	key			= "androidd",
   	title  		= "Location and Maps",
   	howpublished= {\url{http://developer.android.com/guide/topics/location/index.html}},
   	note   		= {Zugriff: 17.01.2015}}   
% nicht benutzt :
@book{android1,
	key=		"android1",
	title 		= "Android: Der schnelle und einfache Einstieg in die Programmierung und Entwicklungsumgebung",
	author		= "Dirk Louis and Peter Müller",
	publisher 	= "Carl Hanser Verlag",
    address  	= "München",
    isbn		= "978-3-446-43823-1",
    year      	= "2014"} 	
@book{gps,
	key = "location",
	title = "Location--Aware Applications",
	author = "Richard Ferraro and Murat Aktihanoglu",
	publisher = "Manning Publications Co.",
	address = "Shelter Island",
	isbn = "978-1-935182-33-7",
	year = "2011"}
@book{location,
	key			= "location0",
	title 		= "Professional Android\texttrademark Sensor Programming",
	author		= "Greg Milette and Adam Stroud",
	publisher 	= "John Wiley \& Sons, Inc",
    address  	= "Indianopolis, Indiana",
    isbn		= "978-1-118-18348-9",
    year      	= "2012"}
@misc{fig:gps,
	key			= "fig:gps",
   	title  		= "Constellation Arrangement",
   	howpublished= {\url{http://www.gps.gov/multimedia/images/constellation.jpg}},
   	note   		= {Zugriff: 26.01.2015}}  
@misc{fig:cell,
	key			= "fig:cell",
   	title  		= "Pinpointing Cell Phone Users using Emergency9",
   	howpublished= {\url{http://www.emergency9.co.za/general-info/emergency9-mobile-panic-cell-phone-triangulation}},
   	note   		= {Zugriff: 26.01.2015}}   
@misc{sqlite,
	key			= "SQLite",
   	title  		= "About SQLite",
   	howpublished= {\url{http://www.sqlite.org/about.html}},
   	note   		= {Zugriff: 19.01.2015}}  
@misc{sqlitea,
	key			= "SQLite",
   	title  		= "SQLite Is A Zero-Configuration Database",
   	howpublished= {\url{http://www.sqlite.org/zeroconf.html}},
   	note   		= {Zugriff: 19.01.2015}}   
%%%%
%%%% LÖSUNGSANSÄTZE
%%%%
@book{arduino,
	title 		= "Arduino -- Mikrocontroller-Programmierung mit Arduino/Freeduino",
	author		= "Ulli Sommer",
	publisher 	= "Franzis Verlag GmbH",
    address  	= "85586 Poing",
    isbn		= "978-3-446-43823-1",
    year      	= "2010"}
%%%%
%%%% Zeitschriften
%%%%
@article{ebikes,
    author  = {Holger Dambeck},
    title   = {Wir fahren schon mal vor},
    year    = "2014", 
    month   = "August",
    journal = {Technology Review - Das Magazin für Innovation},
    pages   = {70ff.}}
%06.06.2014
@article{Mopo,
    author  = "J.Anker",
    title   = "Fahrradfahren boomt in Berlin stärker als bislang bekannt",
    journal = "Berliner Morgenpost",
    year    = "2014",
    month   = "Juni"}
%%%%
%%%% STATE OF THE ART
%%%%
@misc{KopIng,
   author  		= "Gudrun von Schoenebeck",
   title   		= "Kopenhagen verwöhnt Radfahrer mit Grünen Wellen",
   howpublished = {\url{http://www.ingenieur.de/Themen/Fahrrad/Kopenhagen-verwoehnt-Radfahrer-Gruenen-Wellen}},
   year     	= "2014",
   month    	= "August",
   note    		= {Zugriff: 28.12.2014}}
%07.09.2014
@article{BZ,
    author  	= "Peter Neumann",
    title   	= "Berlin bekommt zweite grüne Welle für Radler",
    journal 	= "Berliner Zeitung",
    year    	= "2014",
    month   	= "September"}
%12.08.2014 -- Bild
@article{NYT,
    author  	= "Diane Cardwell",
    title   	= "Copenhagen Lighting the Way to Greener, More Efficient Cities",
    journal 	= "The New York Times",
    year    	= "2014",
    month   	= "Dezember"}
@phdthesis{MenschMaschine,
author			= "Stephan Thoma",
title			= "Mensch-Maschine-Interaktion",
school			= "Technische Universität München",
year			= "2009",
month			= "Oktober",
}
@techreport{Welle,
author  		= "Walter Zimdahl",
title   		= "Guidelines and some developments for a new modular driver information system",
institution 	= "Volkswagenwerk AG",
year    		= "1984",
pages   		= "178 - 182"}
@misc{Travolution,
title   		= {Verkehrsoptimierung mit Genetischen Algorithmen -- Pojektpartner},
key     		= {travolutionPartner},
howpublished 	= {\url{http://www.travolution-ingolstadt.de/index.php?id=73}},
note    		= {Zugriff: 30.12.2014}}
@article{Stvtechnik,
	key			= "travolution1",
    author  	= {Robert Braun and Fritz Busch and Carsten Kemper and Robert Hildebrandt and Florian Weichenmeier and
Cornelius Menig and Ingrid Paulus and Renate Preßlein-Lehle
},
    title   	= {TRAVOLUTION – Netzweite Optimierung der Lichtsignalsteuerung und LSA-Fahrzeug-Kommunikation},
    journal 	= {Straßenverkehrstechnik},
    volume  	= {10},
    year    	= {2009},
    pages   	= {365--374}}
@misc{Ampelinfo,
key				= "Ampelinfo",
title			= "Audi connect -- Intelligent durch den Stadtverkehr mit Ampelinfo online",
howpublished 	= "{\url{http://www.audi.de/de/brand/de/vorsprung_durch_technik/content/2014/06/ampelinfo-online.html}}",
year			= "2014",
month			= "Juni"}
@misc{Toyota,
key     		= {Toyota},
author  		= "Toyota",
title   		= {TMC Develops Navigation System Compatible with Vehicle-Infrastructure Cooperative Safety System},
year    		= {2011},
howpublished 	= {\url{http://www2.toyota.co.jp/en/news/11/06/0629.html}},
note    		= {Zugriff: 08.12.2014}}
@techreport{Telematik,
key     		= "Telematik",
title   		= {Testfeld Telematik -- Publizierbarer Endbericht},
author  		= "Dipl.-Ing.(FH) Marko Jandrisits",
year    		= "2014",
month   		= "April"}
@article{Siemens,
author  		= "Nicole Elflein",
title   		= "Der perfekte Beifahrer",
journal 		= "Pictures of the Future",
pages   		= "104-106",
year    		= "2013",
month  		 	= "Frühjahr"}
@misc{kolibri,
key     		= {kolibri},
title   		= {Kooperative Lichtsignaloptimierung},
howpublished 	= {\url{http://www.kolibri-projekt.de/}},
note    		= {Zugriff: 28.12.2014}}
%Pressemitteilung
@article{kolibriTUM,
key     		= {kolibriTU},
title   		= {Pilotprojekt zur Verbesserung des Verkehrsflusses präsentiert Ergebnisse:
Grüne Welle auf der Landstraße spart Zeit und Sprit},
author 			= "Dr. Andreas Battenberg",
institution 	= "Technische Universität München",
year    		= "2013",
month   		= "Juni",
howpublished 	= {\url{https://www.tum.de/die-tum/aktuelles/pressemitteilungen/kurz/article/30925/}},
note		= "Pressemitteilung"}
@misc{connectedSignals,
key     		= {ConnectedSignals},
title   		= {Connected Signals},
howpublished 	= {\url{http://connectedsignals.com}},
year    		= "2014",
note    		= {Zugriff: 26.01.2015}}
@misc{signals,
key     		= {ConnectedSignals0},
title   		= {Connected Signals -- Real-Time Signal Status and Predictions},
howpublished 	= {\url{http://connectedsignals.com/signals.php}},
year    		= "2014",
note    		= {Zugriff: 26.01.2015}}
@misc{EnLighten,
key     		= {ConnectedSignals1},
title   		= {Connected Signals’ Technology},
howpublished 	= {\url{http://connectedsignals.com/enlighten_tech.php}},
year    		= "2014",
note    		= {Zugriff: 26.01.2015}}
@techreport{SignalGuruPaper,
key     		= {Signal Guru Paper},
title   		= {SignalGuru: Leveraging Mobile Phones for Collaborative
Traffic Signal Schedule Advisory},
institution 	= {MIT and Princeton University},
author  		= {Emmanouil Koukoumidis and Li-Shiuan Peh and Margaret Martonosi},
year    		= "2011",
}
%%% Fahrradanwendungen %%%
@misc{Hammerhead,
key     		= {hammerhead},
title 			= "Hammerhead",
howpublished 	= {\url{http://hammerhead.io/}},
note    		= {Zugriff: 28.12.2014}}
@misc{CycleNav,
key     		= {cyclenav},
title 			= {CycleNav Smart Bike Navigator},
publisher 		= {Schwinn},
howpublished 	= {\url{http://www.schwinnbikes.com/usa/news/cyclenav-smart-bike-navigator/}},
year    		= "2014",
month 			= "März",
note    		= {Zugriff: 28.12.2014}}
@misc{Helios,
key     		= {helios},
title			= "Helios",
howpublished 	= {\url{http://www.ridehelios.com/}},
year    		= {2014},
note    		= {Zugriff: 28.12.2014}}
@misc{vanhawks,
key     		= {vanhawks},
title			= "Vanhawks",
howpublished 	= {\url{https://www.vanhawks.com/}},
note    		= {Zugriff: 28.12.2014}}
@misc{smartbike,
key     		= {smart bike},
title			= "Samsung Smart Bike",
howpublished 	= {\url{http://www.maestrosacademy.it/progetto-sbike}},
publisher 		= "Samsung Electronics Italia",
year    		= "2014",
note    		= {Zugriff: 28.12.2014}}
@misc{cobi,
key     		= {cobi},
title			= "COBI. World's Smartest Connected Biking System",
howpublished 	= {\url{https://www.kickstarter.com/projects/cobi/cobi-worlds-smartest-connected-biking-system}},
publisher 		= " iCradle GmbH",
year    		= "2014",
note    		= {Zugriff: 28.12.2014}}
@misc{cobi_pic,
key     		= {cobiPic},
title			= "COBI",
howpublished 	= {\url{http://www.cobi.bike/press.html}},
publisher 		= " iCradle GmbH",
year    		= "2014",
note    		= {Zugriff: 28.12.2014}}
